@article{Gloe2014S68,
title = "Forensic analysis of video file formats ",
journal = "Digital Investigation ",
volume = "11, Supplement 1",
number = "",
pages = "S68 - S76",
year = "2014",
note = "Proceedings of the First Annual \{DFRWS\} Europe ",
issn = "1742-2876",
doi = "http://dx.doi.org/10.1016/j.diin.2014.03.009",
url = "http://www.sciencedirect.com/science/article/pii/S1742287614000140",
author = "Thomas Gloe and André Fischer and Matthias Kirchner",
keywords = "Digital forensics",
keywords = "File format",
keywords = "Metadata",
keywords = "Video",
keywords = "Authentication "
}

@article{Piva, 
author= "A. De Rosa and A. Piva and M. Fontani and M. Iuliani", 
journal= "2014 International Carnahan Conference on Security Technology (ICCST)", 
title= "Investigating multimedia contents", 
year= "2014", 
pages= "1-6", 
keywords= "audio-visual systems;digital forensics;multimedia systems;audio-visual contents;digital audio contents;digital data;digital devices;digital evidences;digital investigations;digital visual contents;international standards;multimedia contents;multimedia forensic technologies;multimedia objects;Forensics;IEC standards;ISO standards;Inspection;Multimedia communication;Visualization;authenticity assessment;digital investigation;integrity verification;methodology;multimedia contents;multimedia forensics ", 
doi= "10.1109/CCST.2014.6986976", 
ISSN= "1071-6572", 
month= "Oct"
}

@article{mov,
author= "Apple Computer, Inc.",
title= "Quicktime file format",
year="2001"
}

@article{iso,
author= "ISO/IEC 14496",
title= "Information technology. Coding of audio-visual objects, Part 12: ISO base media file format, 3rd ed.",
year="2008"
}

@article{mp4,
author= "ISO/IEC 14496",
title= "Information technology. coding of audio-visual objects, Part 14: MP4 file format",
year="2003"
}

@article{farid,
author= "H. Farid",
title= "Digital image ballistics from JPEG quantization: a followup study",
journal= "[Technical Report TR2008–638] Department of Computer Science, Dartmouth College, Hanover, NH, USA",
year="2008"
}

@article{jpeg,
author= "ISO/IEC 10918-1",
title= "Information technology. Digital compression and coding of continuous-tone still images",
journal= "ITU-T Recommendation T.81",
year= "1992"
}

@article{exif,
author= "Japan Electronics and Information Technology Industries Association JEITA CP-3451",
title="Exchangeable image file format for digital still cameras: Exif version 2.2",
year= "2002"
}

@ARTICLE{kee2001, 
author="E. Kee and M. K. Johnson and H. Farid", 
journal="IEEE Transactions on Information Forensics and Security", 
title="Digital Image Authentication From JPEG Headers", 
year="2011", 
volume="6", 
number="3", 
pages="1066-1075", 
doi="10.1109/TIFS.2011.2128309", 
ISSN="1556-6013", 
month="Sept"
}

@article{avi,
author="Microsoft Developer Network",
title="AVI RIFF file reference",
journal="http://msdn.microsoft.com/en-us/library/ms779636(VS.85).aspx"
}

@article{jdom,
author= "Apache",
title= "JDOM",
journal= "http://www.jdom.com"
}

@article{mp4parser,
author= "Apache",
title= "Java MP4 Parser",
journal= "http://www.github.com/sannies/mp4parser"
}